<record><leader>01994cam a2200469 i 4500</leader><controlfield tag="001">6861394</controlfield><controlfield tag="003">OCoLC</controlfield><controlfield tag="005">20150304091037.0</controlfield><controlfield tag="008">140516t20152015enkaf    b    001 0 eng  </controlfield><datafield ind1=" " ind2=" " tag="010"><subfield code="a">  2014018392</subfield></datafield><datafield ind1=" " ind2=" " tag="020"><subfield code="a">9781118624500</subfield><subfield code="q">cloth</subfield></datafield><datafield ind1=" " ind2=" " tag="020"><subfield code="a">1118624505</subfield><subfield code="q">cloth</subfield></datafield><datafield ind1=" " ind2=" " tag="020"><subfield code="a">9781118312711</subfield><subfield code="q">pbk.</subfield></datafield><datafield ind1=" " ind2=" " tag="020"><subfield code="a">1118312716</subfield><subfield code="q">pbk.</subfield></datafield><datafield ind1="8" ind2=" " tag="024"><subfield code="a">40024336470</subfield></datafield><datafield ind1=" " ind2=" " tag="035"><subfield code="a">ocn880541446</subfield></datafield><datafield ind1=" " ind2=" " tag="040"><subfield code="a">DLC</subfield><subfield code="b">eng</subfield><subfield code="e">rda</subfield><subfield code="c">DLC</subfield><subfield code="d">YDX</subfield><subfield code="d">OCLCF</subfield><subfield code="d">YDXCP</subfield><subfield code="d">DEBSZ</subfield><subfield code="d">OCLCQ</subfield><subfield code="d">YUS</subfield><subfield code="d">UBY</subfield><subfield code="d">COO</subfield><subfield code="d">AEU</subfield></datafield><datafield ind1=" " ind2=" " tag="042"><subfield code="a">pcc</subfield></datafield><datafield ind1="0" ind2="0" tag="050"><subfield code="a">QP376</subfield><subfield code="b">.J345 2015</subfield></datafield><datafield ind1=" " ind2="4" tag="060"><subfield code="a">WL 300</subfield></datafield><datafield ind1="0" ind2="0" tag="082"><subfield code="a">612.8/6</subfield><subfield code="2">23</subfield></datafield><datafield ind1=" " ind2=" " tag="090"><subfield code="a">QP376 .J345 2015</subfield><subfield code="b">AEGMCT</subfield></datafield><datafield ind1="1" ind2=" " tag="100"><subfield code="a">Jarrett, Christian,</subfield><subfield code="e">author.</subfield></datafield><datafield ind1="1" ind2="0" tag="245"><subfield code="a">Great myths of the brain /</subfield><subfield code="c">Christian Jarrett.</subfield></datafield><datafield ind1=" " ind2="1" tag="264"><subfield code="a">Chichester, West Sussex :</subfield><subfield code="b">Wiley Blackwell,</subfield><subfield code="c">2015.</subfield></datafield><datafield ind1=" " ind2="4" tag="264"><subfield code="c">&#169;2015</subfield></datafield><datafield ind1=" " ind2=" " tag="300"><subfield code="a">xiii, 333 pages, 16 unnumbered pages of plates :</subfield><subfield code="b">illustrations (chiefly color) ;</subfield><subfield code="c">24 cm.</subfield></datafield><datafield ind1=" " ind2=" " tag="336"><subfield code="a">text</subfield><subfield code="b">txt</subfield><subfield code="2">rdacontent</subfield></datafield><datafield ind1=" " ind2=" " tag="336"><subfield code="a">still image</subfield><subfield code="b">sti</subfield><subfield code="2">rdacontent</subfield></datafield><datafield ind1=" " ind2=" " tag="337"><subfield code="a">unmediated</subfield><subfield code="b">n</subfield><subfield code="2">rdamedia</subfield></datafield><datafield ind1=" " ind2=" " tag="338"><subfield code="a">volume</subfield><subfield code="b">nc</subfield><subfield code="2">rdacarrier</subfield></datafield><datafield ind1="1" ind2=" " tag="490"><subfield code="a">Great myths of psychology</subfield></datafield><datafield ind1=" " ind2=" " tag="504"><subfield code="a">Includes bibliographical references and index.</subfield></datafield><datafield ind1="0" ind2=" " tag="505"><subfield code="a">Defunct myths -- Myth-based brain practices -- Mythical case studies -- The immortal myths -- Myths about the physical structure of the brain -- Technology and food myths -- Brain myths concerning perception and action -- Myths about brain disorder and illness.</subfield></datafield><datafield ind1=" " ind2=" " tag="596"><subfield code="a">29</subfield></datafield><datafield ind1=" " ind2="0" tag="650"><subfield code="a">Brain</subfield><subfield code="v">Popular works.</subfield></datafield><datafield ind1=" " ind2="0" tag="650"><subfield code="a">Brain</subfield><subfield code="x">Physiology</subfield><subfield code="v">Popular works.</subfield></datafield><datafield ind1=" " ind2="0" tag="830"><subfield code="a">Great myths of psychology.</subfield></datafield><datafield ind1="4" ind2="2" tag="856"><subfield code="3">Cover</subfield><subfield code="u">http://swbplus.bsz-bw.de/bsz41518956xcov.htm</subfield><subfield code="v">20141022095136</subfield></datafield><datafield ind1="4" ind2="1" tag="856"><subfield code="3">Table of Contents</subfield><subfield code="u">http://swbplus.bsz-bw.de/bsz41518956Xinh.htm</subfield><subfield code="v">20141205141404</subfield></datafield><datafield ind1=" " ind2=" " tag="949"><subfield code="a">QP376 .J345 2015</subfield><subfield code="h">GMCT-OS-B</subfield><subfield code="i">1007403387</subfield><subfield code="p">103.37</subfield><subfield code="k">AVAIL_SOON</subfield></datafield><datafield ind1=" " ind2=" " tag="926"><subfield code="a">QP376 .J345 2015</subfield><subfield code="w">LC</subfield><subfield code="c">1</subfield><subfield code="i">1007403387</subfield><subfield code="d">2/24/2017</subfield><subfield code="e">4/25/2016</subfield><subfield code="l">ON_SHELF</subfield><subfield code="m">GR_MACEWAN</subfield><subfield code="n">5</subfield><subfield code="p">$98.45</subfield><subfield code="q">1</subfield><subfield code="r">Y</subfield><subfield code="s">Y</subfield><subfield code="t">BOOK</subfield><subfield code="u">3/11/2015</subfield></datafield></record>